@article{kung,
  title={On finding the maxima of a set of vectors},
  author={Kung, Hsiang-Tsung and Luccio, Fabrizio and Preparata, Franco P},
  journal={Journal of the ACM (JACM)},
  volume={22},
  number={4},
  pages={469--476},
  year={1975},
  publisher={ACM}
}

@book{preparata,
	title={Computational geometry: an introduction},
	author={Preparata, Franco P and Shamos, Michael},
	year={2012},
	publisher={Springer Science \& Business Media}
}